@article{PhysRevD.54.1,
  title = {Review of Particle Physics},
  author = {Barnett, R. M. and Carone, C. D. and Groom, and others},
  journal = {Phys. Rev. D},
  volume = {54},
  issue = {1},
  pages = {1--708},
  numpages = {0},
  year = {1996},
  month = {Jul},
  publisher = {American Physical Society},
  doi = {10.1103/PhysRevD.54.1},
  url = {https://link.aps.org/doi/10.1103/PhysRevD.54.1}
}
@article{PhysRevLett.89.132301,
  title = {Azimuthal Anisotropy of ${K}_{S}^{0}$ and $\ensuremath{\Lambda}+\overline{\ensuremath{\Lambda}}$ Production at Midrapidity from $\mathrm{A}\mathrm{u}+\mathrm{A}\mathrm{u}$ Collisions at $\sqrt{{s}_{NN}}=130 \mathrm{G}\mathrm{e}\mathrm{V}$},
  author = {Adler, C. and Ahammed, Z. and Allgower, C. and others},
  collaboration = {STAR Collaboration},
  journal = {Phys. Rev. Lett.},
  volume = {89},
  issue = {13},
  pages = {132301},
  numpages = {6},
  year = {2002},
  month = {Sep},
  publisher = {American Physical Society},
  doi = {10.1103/PhysRevLett.89.132301},
  url = {https://link.aps.org/doi/10.1103/PhysRevLett.89.132301}
}
